<?xml version="1.0" encoding="UTF-8"?><record xmlns="http://www.loc.gov/MARC21/slim" xmlns:cinclude="http://apache.org/cocoon/include/1.0" xmlns:zs="http://www.loc.gov/zing/srw/">
  <leader>00480nz  a2200121n  4500</leader>
  <controlfield tag="001">n  91056986 </controlfield>
  <controlfield tag="003">DLC</controlfield>
  <controlfield tag="005">19910608113329.4</controlfield>
  <controlfield tag="008">910608n| acannaab|          |n aaa |||  </controlfield>
  <datafield tag="010" ind1=" " ind2=" ">
    <subfield code="a">n  91056986 </subfield>
  </datafield>
  <datafield tag="040" ind1=" " ind2=" ">
    <subfield code="a">DLC</subfield>
    <subfield code="c">DLC</subfield>
  </datafield>
  <datafield tag="100" ind1="1" ind2="0">
    <subfield code="a">Spears, Jeannie M.</subfield>
  </datafield>
  <datafield tag="670" ind1=" " ind2=" ">
    <subfield code="a">Her Home study course in quiltmaking, c1990:</subfield>
    <subfield code="b">t.p. (Jeannie M. Spears) p. 4 of cover (edits and publishes Professional quilter magazine; administrator of the Appraiser Certification Program for the American Quilter's Society)</subfield>
  </datafield>
</record>